<?xml version="1.0"?>
<marc:records xmlns:marc="http://www.loc.gov/MARC21/slim" xmlns:xsi="http://www.w3.org/2001/XMLSchema-instance" xsi:schemaLocation="http://www.loc.gov/MARC21/slim http://www.loc.gov/standards/marcxml/schema/MARC21slim.xsd">
  <marc:record>
    <marc:leader>02895ctm a2200421   4500</marc:leader>
    <marc:controlfield tag="001">9940417123503681</marc:controlfield>
    <marc:controlfield tag="005">20201027155309.0</marc:controlfield>
    <marc:controlfield tag="008">021212q11uu12uuxx            000 0 heb d</marc:controlfield>
    <marc:datafield ind1=" " ind2=" " tag="035">
  <marc:subfield code="a">(OCoLC)on1201470686</marc:subfield>
</marc:datafield>
    <marc:datafield ind1=" " ind2=" " tag="035">
  <marc:subfield code="a">(OCoLC)1201470686</marc:subfield>
</marc:datafield>
    <marc:datafield ind1=" " ind2=" " tag="035">
  <marc:subfield code="a">(PU)gen000010</marc:subfield>
</marc:datafield>
    <marc:datafield ind1=" " ind2=" " tag="035">
  <marc:subfield code="a">(PU)4041712-penndb-Voyager</marc:subfield>
</marc:datafield>
    <marc:datafield ind1=" " ind2=" " tag="040">
  <marc:subfield code="a">PU-CJS</marc:subfield>
  <marc:subfield code="c">PU-CJS</marc:subfield>
</marc:datafield>
    <marc:datafield ind1="1" ind2=" " tag="041">
  <marc:subfield code="a">hebarc</marc:subfield>
  <marc:subfield code="h">heb</marc:subfield>
</marc:datafield>
    <marc:datafield ind1=" " ind2=" " tag="090">
  <marc:subfield code="a">Halper 12a</marc:subfield>
  <marc:subfield code="i">09/17/02 EC</marc:subfield>
</marc:datafield>
    <marc:datafield ind1=" " ind2="9" tag="099">
  <marc:subfield code="a">Halper 12a</marc:subfield>
</marc:datafield>
    <marc:datafield ind1="0" ind2=" " tag="130">
  <marc:subfield code="a">Bible.</marc:subfield>
  <marc:subfield code="p">O.T.</marc:subfield>
  <marc:subfield code="p">Leviticus XXIII, 10-20.</marc:subfield>
  <marc:subfield code="l">Hebrew.</marc:subfield>
  <marc:subfield code="f">1100.</marc:subfield>
</marc:datafield>
    <marc:datafield ind1="1" ind2="0" tag="245">
  <marc:subfield code="a">[Leviticus 23:10-20, with Targum Onk&#x323;elos] :</marc:subfield>
  <marc:subfield code="k">manuscript.</marc:subfield>
</marc:datafield>
    <marc:datafield ind1="3" ind2=" " tag="246">
  <marc:subfield code="a">V&#x323;a-yik&#x323;ra 23:10-20 with Targum Onk&#x323;elos</marc:subfield>
</marc:datafield>
    <marc:datafield ind1="3" ind2=" " tag="246">
  <marc:subfield code="a">Palestinian Targum containing Leviticus 23:10-20</marc:subfield>
</marc:datafield>
    <marc:datafield ind1=" " ind2=" " tag="260">
  <marc:subfield code="a">[Sefarad ,</marc:subfield>
  <marc:subfield code="c">12th century or 13th century?]</marc:subfield>
</marc:datafield>
    <marc:datafield ind1=" " ind2=" " tag="300">
  <marc:subfield code="a">1 fol. :</marc:subfield>
  <marc:subfield code="b">slightly damaged at the edges, written area complete.</marc:subfield>
</marc:datafield>
    <marc:datafield ind1=" " ind2=" " tag="340">
  <marc:subfield code="a">Parchment</marc:subfield>
  <marc:subfield code="b">17.1 X 12.4</marc:subfield>
  <marc:subfield code="c">material applied: black ink</marc:subfield>
  <marc:subfield code="d">ruling method:</marc:subfield>
  <marc:subfield code="h">columns: 1</marc:subfield>
  <marc:subfield code="h">lines: 17.</marc:subfield>
</marc:datafield>
    <marc:datafield ind1=" " ind2=" " tag="500">
  <marc:subfield code="a">Hebrew with interlinear Aramaic translation.</marc:subfield>
</marc:datafield>
    <marc:datafield ind1="0" ind2=" " tag="505">
  <marc:subfield code="a">Fol [1r]: Targum On.kelos to Leviticus 23:10 (&#x5D9;&#x5EA; &#x5E2;&#x5D5;&#x5DE;&#x5E8; &#x5E8;&#x5D9;&#x5E9; &#x5D7;&#x5E6;&#x5D3;&#x5DB;&#x5D5;&#x5DF; &#x5DC;&#x5D5;&#x5EA; &#x5DB;&#x5D4;&#x5E0;&#x5D0;&#x5C3; [&#x2026;]) - Targum Onk&#x323;elos to Leviticus 23:15 (&#x5D9;&#x5D5;&#x5DE;&#x5D0; &#x5D8;&#x5D1;&#x5D0; &#x5DE;&#x5D9;&#x5D5;&#x5DD; &#x5D0;&#x5D9;&#x5D9;&#x5EA;&#x5D5;&#x5D0;&#x5D9;&#x5DB;&#x5D5;&#x5DF; &#x5D9;&#x5EA; &#x5E2;&#x5D5;&#x5DE;&#x5E8;&#x5D0; &#x5D3;&#x5D0;&#x5E8;&#x5DE;&#x5D5;&#x5EA;&#x5D0; &#x5E9;&#x5D1;&#x5E2;)&#x301;.</marc:subfield>
</marc:datafield>
    <marc:datafield ind1="0" ind2=" " tag="505">
  <marc:subfield code="a">Fol [1v]: Targum Onk&#x323;elos to Leviticus 23:15 (&#x5E9;&#x5D1;&#x5D5;&#x5E2;&#x5DF; &#x5E9;&#x5DC;&#x5DE;&#x5DF; &#x5D9;&#x5D4;&#x5D5;&#x5D9;&#x5D9;&#x5DF;&#x5C3;) - Leviticus 23: 20 (&#x5DB;&#x5D1;&#x5E9;&#x5D9;&#x5DD; &#x5E7;&#x5D3;&#x5E9;).</marc:subfield>
</marc:datafield>
    <marc:datafield ind1="4" ind2=" " tag="510">
  <marc:subfield code="a">Halper,</marc:subfield>
  <marc:subfield code="c">no. 12a</marc:subfield>
</marc:datafield>
    <marc:datafield ind1="4" ind2=" " tag="510">
  <marc:subfield code="a">IMHM,</marc:subfield>
  <marc:subfield code="c">no. F38399 p. 1</marc:subfield>
</marc:datafield>
    <marc:datafield ind1=" " ind2=" " tag="530">
  <marc:subfield code="a">Online version available.</marc:subfield>
</marc:datafield>
    <marc:datafield ind1=" " ind2=" " tag="546">
  <marc:subfield code="a">Hebrew and Aramaic.</marc:subfield>
  <marc:subfield code="b">Hebrew</marc:subfield>
  <marc:subfield code="b">Sephardic</marc:subfield>
  <marc:subfield code="b">semi-square</marc:subfield>
  <marc:subfield code="b">vocalization and partial cantillation (Tiberian).</marc:subfield>
</marc:datafield>
    <marc:datafield ind1=" " ind2=" " tag="561">
  <marc:subfield code="a">Cairo Genizah Collection (University of Pennsylvania. Center for Advanced Judaic Studies. Library).</marc:subfield>
  <marc:subfield code="5">PU-CJS</marc:subfield>
</marc:datafield>
    <marc:datafield ind1=" " ind2=" " tag="561">
  <marc:subfield code="a">Cairo Genizah Collection (Dropsie College. Library).</marc:subfield>
</marc:datafield>
    <marc:datafield ind1=" " ind2=" " tag="561">
  <marc:subfield code="a">Amram.</marc:subfield>
</marc:datafield>
    <marc:datafield ind1=" " ind2=" " tag="580">
  <marc:subfield code="a">Forms part of: Cairo Genizah Collection.</marc:subfield>
</marc:datafield>
    <marc:datafield ind1="2" ind2=" " tag="710">
  <marc:subfield code="a">Cairo Genizah Collection (University of Pennsylvania. Center for Advanced Judaic Studies. Library).</marc:subfield>
  <marc:subfield code="k">Manuscript.</marc:subfield>
  <marc:subfield code="n">Halper 12a.</marc:subfield>
  <marc:subfield code="5">PU-CJS</marc:subfield>
</marc:datafield>
    <marc:datafield ind1="0" ind2="2" tag="730">
  <marc:subfield code="a">Bible.</marc:subfield>
  <marc:subfield code="p">O.T.</marc:subfield>
  <marc:subfield code="p">Leviticus XXIII, 10-20.</marc:subfield>
  <marc:subfield code="l">Aramaic.</marc:subfield>
  <marc:subfield code="s">Onk&#x323;elos.</marc:subfield>
  <marc:subfield code="f">1100.</marc:subfield>
</marc:datafield>
    <marc:datafield ind1="1" ind2=" " tag="773">
  <marc:subfield code="a">Cairo Genizah Collection</marc:subfield>
</marc:datafield>
    <marc:datafield ind1="0" ind2="0" tag="773">
  <marc:subfield code="t">Cairo Genizah Collection (University of Pennsylvania. Center for Advanced Judaic Studies. Library).</marc:subfield>
</marc:datafield>
    <marc:datafield ind1=" " ind2=" " tag="852">
  <marc:subfield code="b">Library at the Herbert D. Katz Center for Advanced Judaic Studies</marc:subfield>
  <marc:subfield code="a">University of Pennsylvania</marc:subfield>
  <marc:subfield code="e">420 Walnut Street, Philadelphia, Pennsylvania 19106-3703.</marc:subfield>
  <marc:subfield code="j">Halper 12a</marc:subfield>
</marc:datafield>
    <marc:holdings>
      <marc:holding>
        <marc:holding_id>22246003460003681</marc:holding_id>
        <marc:call_number>Halper 12a</marc:call_number>
        <marc:library>KatzLib</marc:library>
        <marc:location>cjsgf</marc:location>
      </marc:holding>
    </marc:holdings>
  </marc:record>
</marc:records>
